<?xml version="1.0" encoding="UTF-8"?><collection xmlns="http://www.loc.gov/MARC21/slim"><record><leader>00480nam--2200145-i-4500</leader><controlfield tag="001">000010150</controlfield><controlfield tag="002">20161230</controlfield><controlfield tag="005">20170302232117</controlfield><controlfield tag="008">060222s1000------------r-----000-0-eng-d</controlfield><datafield ind1=" " ind2=" " tag="245"><subfield code="a">Dinamic mass spectrometry. Vol. 2: Invited papers and specialy commissioned reviews embracing the whole field of dynamic mass spectrometry</subfield></datafield><datafield ind1=" " ind2=" " tag="260"><subfield code="a">London</subfield><subfield code="b">Heyden &amp; Son Ltd</subfield><subfield code="c">1970-1971</subfield></datafield><datafield ind1=" " ind2=" " tag="300"><subfield code="a">247 p</subfield></datafield><datafield ind1=" " ind2=" " tag="700"><subfield code="a">Price, D</subfield></datafield><datafield ind1=" " ind2=" " tag="852"><subfield code="a">543.51:621.384.8:061.3</subfield></datafield><datafield ind1=" " ind2=" " tag="CAT"><subfield code="a">SYS</subfield><subfield code="c">20170302</subfield><subfield code="h">232117</subfield></datafield></record></collection>